@incollection{coulom2007efficient,
  title={Efficient selectivity and backup operators in Monte-Carlo tree search},
  author={Coulom, R{\'e}mi},
  booktitle={Computers and games},
  pages={72--83},
  year={2007},
  publisher={Springer}
}

@incollection{kocsis2006bandit,
  title={Bandit based monte-carlo planning},
  author={Kocsis, Levente and Szepesv{\'a}ri, Csaba},
  booktitle={Machine Learning: ECML 2006},
  pages={282--293},
  year={2006},
  publisher={Springer}
}

@inproceedings{cazenave2009nested,
  title={Nested Monte-Carlo Search.},
  author={Cazenave, Tristan},
  booktitle={IJCAI},
  volume={9},
  pages={456--461},
  year={2009}
}

@article{cazenave2007reflexive,
  title={Reflexive monte-carlo search},
  author={Cazenave, Tristan},
  year={2007}
}

@article{maes2012monte,
  title={Monte carlo search algorithm discovery for one player games},
  author={Maes, Francis and St-Pierre, David Lupien and Ernst, Damien},
  journal={arXiv preprint arXiv:1208.4692},
  year={2012}
}
